@book{alperin_bell_2015, place={New York}, title={Groups and representations}, publisher={Springer}, author={Alperin, Jonathan L. and Bell, Rowen B.}, year={2015}}

@book{artin_1973, place={Zürich }, title={Galoissche Theorie}, publisher={Deutsch}, author={Artin, Emil}, year={1973}} 

@book{bosch_2013, place={Berlin}, title={Algebra}, publisher={Springer Spektrum}, author={Bosch, Siegfried}, year={2013}}

@book{hungerford_1996, place={New York}, title={Algebra}, publisher={Springer}, author={Hungerford, Thomas W.}, year={1996}}

@book{jacobson_1975, place={Heidelberg }, title={Lectures in abstract algebra}, publisher={Springer}, author={Jacobson, Nathan}, year={1975}}

@book{lang_2008, place={New York}, title={Algebra}, publisher={Springer}, author={Lang, Serge}, year={2008}}

@book{serre_1977, place={New York}, title={Linear representations of finite groups}, publisher={Springer}, author={Serre, J.-P}, year={1977}}

@book{vinberg_2012, place={New Delhi}, title={A course in algebra}, publisher={Universities Press}, author={Vinberg, E. B.}, year={2012}}